@article{hillestad2005,
  title={Can electronic medical record systems transform health care? Potential health benefits, savings, and costs},
  author={Hillestad, Richard and Bigelow, James and Bower, Anthony and Girosi, Federico and Meili, Robin and Scoville, Richard and Taylor, Roger},
  journal={Health affairs},
  volume={24},
  number={5},
  pages={1103--1117},
  year={2005},
  publisher={Project HOPE-The People-to-People Health Foundation, Inc.}
}

@online{hitech,
    author = "Office for Civil Rights",
    year = {2017},
    title = "HITECH Act Enforcement Interim Final Rule",
    url  = "https://www.hhs.gov/hipaa/for-professionals/special-topics/hitech-act-enforcement-interim-final-rule/index.html",
    addendum = "(accessed: 03.09.2021)",
    keywords = "EHR,HITECH"
}

@online{stats,
    author = "Health IT Dashboard",
    year = {2019},
    title = "Office-based Physician Electronic Health Record Adoption",
    url  = "https://dashboard.healthit.gov/quickstats/pages/physician-ehr-adoption-trends.php",
    addendum = "(accessed: 03.10.2021)",
    keywords = "EHR"
}

@article{gold2016assessing,
  title={Assessing HITECH implementation and lessons: 5 years later},
  author={Gold, Marsha and McLaughlin, Catherine},
  journal={The Milbank Quarterly},
  volume={94},
  number={3},
  pages={654--687},
  year={2016},
  publisher={Wiley Online Library}
}

@article{cohn2009engaging,
  title={Engaging physicians to adopt healthcare information technology},
  author={Cohn, Kenneth H and Berman, Joel and Chaiken, Barry and Green, David and Scherger, Joseph E},
  journal={Journal of healthcare management},
  volume={54},
  number={5},
  pages={291},
  year={2009},
  publisher={Lippincott Williams \& Wilkins Ovid Technologies}
}
