@article{Agha2014TheCare,
    title = {{The effects of health information technology on the costs and quality of medical care}},
    year = {2014},
    journal = {Journal of Health Economics},
    author = {Agha, Leila},
    number = {1},
    pages = {19--30},
    volume = {34},
    publisher = {Elsevier B.V.},
    url = {http://dx.doi.org/10.1016/j.jhealeco.2013.12.005},
    doi = {10.1016/j.jhealeco.2013.12.005},
    issn = {01676296},
    pmid = {24463141},
    keywords = {Health information technology, Hospital productivity}
}

@article{McCullough2016HealthCoordination,
    title = {{Health information technology and patient outcomes: The role of information and labor coordination}},
    year = {2016},
    journal = {RAND Journal of Economics},
    author = {McCullough, Jeffrey S. and Parente, Stephen T. and Town, Robert},
    number = {1},
    pages = {207--236},
    volume = {47},
    doi = {10.1111/1756-2171.12124},
    issn = {17562171}
}

@article{Buntin2011TheResults,
    title = {{The benefits of health information technology: A review of the recent literature shows predominantly positive results}},
    year = {2011},
    journal = {Health Affairs},
    author = {Buntin, Melinda Beeuwkes and Burke, Matthew F. and Hoaglin, Michael C. and Blumenthal, David},
    number = {3},
    pages = {464--471},
    volume = {30},
    doi = {10.1377/hlthaff.2011.0178},
    issn = {02782715},
    pmid = {21383365}
}

@article{evans2016electronic,
  title={Electronic health records: then, now, and in the future},
  author={Evans, R Scott},
  journal={Yearbook of medical informatics},
  volume={25},
  number={S 01},
  pages={S48--S61},
  year={2016},
  publisher={Georg Thieme Verlag KG}
}




@online{hitech,
    author = "Office for Civil Rights",
    year = {2017},
    title = "HITECH Act Enforcement Interim Final Rule",
    url  = "https://www.hhs.gov/hipaa/for-professionals/special-topics/hitech-act-enforcement-interim-final-rule/index.html",
    addendum = "(accessed: 03.09.2021)",
    keywords = "EHR,HITECH"
}

@online{meanuse,
    author = "Quatris Healthco",
    year = {},
    title = "Understanding Meaningful Use",
    url  = "https://www.quatrishealthco.com/understanding-meaningful-use/",
    addendum = "(accessed: 03.12.2021)",
    keywords = "EHR,meaningful use"
}

@online{presquote,
    author = "Chang, H. and Childs, D. and Grayson, A.",
    year = {2009},
    title = "President Elect Urges Electronic Medical Records in 5 Years",
    url  = "https://abcnews.go.com/Health/President44/story?id=6606536&page=1",
    addendum = "(accessed: 03.09.2021)",
    keywords = "EHR"
}

@online{stats,
    author = "Health IT Dashboard",
    year = {2019},
    title = "Office-based Physician Electronic Health Record Adoption",
    url  = "https://dashboard.healthit.gov/quickstats/pages/physician-ehr-adoption-trends.php",
    addendum = "(accessed: 03.10.2021)",
    keywords = "EHR"
}

@article{CollierBurnout,
    title = {{Electronic Health Records Contributing to Physician Burnout}},
    year = {2017},
    journal = {Canadian Medical Association Journal},
    author = {Collier, Roger},
    number = {185},
    pages = {E1405-E1406},
    volume = {45},
    doi = {10.1503/cmaj.109-5522},
    issn = {},
    pmid = {29133547}
}

@article{Meyerhoefer,
 ISSN = {00197939, 2162271X},
 URL = {https://www.jstor.org/stable/26726515},
 year = {2016},
 author = {Chad D. Meyerhoefer and Mare E. Deily and Susan A. Sherer and Shin-Yi Chou and Lizhong Peng and MichaelL Sheinberg and Donald Levick},
 journal = {ILR Review},
 number = {4},
 pages = {860--889},
 publisher = {Sage Publications, Inc.},
 title = {The Consequences of electronic health record adoption for physician productivity and birth outcomes},
 volume = {69}
}

@misc{Butler,
author = { Richard J. Butler and William G. Johnson},
title = {Rating the digital help: electronic medical records, software providers, and physicians},
month = {9},
year = {2016},
note = {(Accessed on 03/12/2021)},
publisher = {Springer},
pages = {269--283},
journal={International Journal of Health Economics and Management}
}


@article{ahituv2011technical,
  title={Technical progress and early retirement},
  author={Ahituv, Avner and Zeira, Joseph},
  journal={The Economic Journal},
  volume={121},
  number={551},
  pages={171--193},
  year={2011},
  publisher={Oxford University Press Oxford, UK}
}

@article{hillestad2005,
  title={Can electronic medical record systems transform health care? Potential health benefits, savings, and costs},
  author={Hillestad, Richard and Bigelow, James and Bower, Anthony and Girosi, Federico and Meili, Robin and Scoville, Richard and Taylor, Roger},
  journal={Health affairs},
  volume={24},
  number={5},
  pages={1103--1117},
  year={2005},
  publisher={Project HOPE-The People-to-People Health Foundation, Inc.}
}

@article{dranove2014trillion,
  title={The trillion dollar conundrum: Complementarities and health information technology},
  author={Dranove, David and Forman, Chris and Goldfarb, Avi and Greenstein, Shane},
  journal={American Economic Journal: Economic Policy},
  volume={6},
  number={4},
  pages={239--70},
  year={2014}
}

@article{cooper2002economic,
  title={Economic and demographic trends signal an impending physician shortage},
  author={Cooper, Richard A and Getzen, Thomas E and McKee, Heather J and Laud, Prakash},
  journal={Health affairs},
  volume={21},
  number={1},
  pages={140--154},
  year={2002},
  publisher={Project HOPE-The People-to-People Health Foundation, Inc.}
}

@article{Bahrami2002,
author = {Bahrami, Bahman and Elder, John and Jacobson, Sarah and Jacobson, Sarah},
file = {:Users/hannaglenn/Downloads/25790647.pdf:pdf},
number = {3},
title = {{SPAEF CHANGE IN THE U . S . HEALTH CARE SYSTEM : EFFECTS ON PHYSICIAN RETIREMENT AND IMPLICATIONS FOR HEALTH CARE MANAGERS}},
volume = {25},
year = {2002}
}

@article{madison2004hospital,
  title={Hospital--physician affiliations and patient treatments, expenditures, and outcomes},
  author={Madison, Kristin},
  journal={Health services research},
  volume={39},
  number={2},
  pages={257--278},
  year={2004},
  publisher={Wiley Online Library}
}

@misc{collier2017challenges,
  title={The challenges of physician retirement},
  author={Collier, Roger},
  year={2017},
  publisher={Can Med Assoc}
}

@article{fallick1996review,
  title={A review of the recent empirical literature on displaced workers},
  author={Fallick, Bruce C},
  journal={ILR Review},
  volume={50},
  number={1},
  pages={5--16},
  year={1996},
  publisher={SAGE Publications Sage CA: Los Angeles, CA}
}

@article{akerlof1988job,
  title={Job switching and job satisfaction in the US labor market},
  author={Akerlof, George A and Rose, Andrew K and Yellen, Janet L and Ball, Laurence and Hall, Robert E},
  journal={Brookings papers on economic activity},
  volume={1988},
  number={2},
  pages={495--594},
  year={1988},
  publisher={JSTOR}
}

@article{shanafelt2002burnout,
  title={Burnout and self-reported patient care in an internal medicine residency program},
  author={Shanafelt, Tait D and Bradley, Katharine A and Wipf, Joyce E and Back, Anthony L},
  journal={Annals of internal medicine},
  volume={136},
  number={5},
  pages={358--367},
  year={2002},
  publisher={American College of Physicians}
}

@article{gong2019higher,
  title={Higher US rural mortality rates linked to socioeconomic status, physician shortages, and lack of health insurance},
  author={Gong, Gordon and Phillips, Scott G and Hudson, Catherine and Curti, Debra and Philips, Billy U},
  journal={Health Affairs},
  volume={38},
  number={12},
  pages={2003--2010},
  year={2019}
}
@article{treadwell2014surgical,
  title={Surgical checklists: a systematic review of impacts and implementation},
  author={Treadwell, Jonathan R and Lucas, Scott and Tsou, Amy Y},
  journal={BMJ quality \& safety},
  volume={23},
  number={4},
  pages={299--318},
  year={2014},
  publisher={BMJ Publishing Group Ltd}
}

@article{madison2004hospital,
  title={Hospital--physician affiliations and patient treatments, expenditures, and outcomes},
  author={Madison, Kristin},
  journal={Health services research},
  volume={39},
  number={2},
  pages={257--278},
  year={2004},
  publisher={Wiley Online Library}
}



@article{callaway2021difference,
  title={Difference-in-differences with multiple time periods},
  author={Callaway, Brantly and Santâ€™Anna, Pedro HC},
  journal={Journal of Econometrics},
  volume={225},
  number={2},
  pages={200--230},
  year={2021},
  publisher={Elsevier}
}


@article{autor2003skill,
  title={The skill content of recent technological change: An empirical exploration},
  author={Autor, David H and Levy, Frank and Murnane, Richard J},
  journal={The Quarterly journal of economics},
  volume={118},
  number={4},
  pages={1279--1333},
  year={2003},
  publisher={MIT Press}
}

@article{overhage2020physician,
  title={Physician time spent using the electronic health record during outpatient encounters: a descriptive study},
  author={Overhage, J Marc and McCallie Jr, David},
  journal={Annals of internal medicine},
  volume={172},
  number={3},
  pages={169--174},
  year={2020},
  publisher={American College of Physicians}
}

 @misc{uzialko_2021, title={How to implement an electronic health records system}, url={https://www.businessnewsdaily.com/9102-implement-an-electronic-health-records-system.html}, journal={Business News Daily}, author={Uzialko, Adam}, year={2021}, month={Feb}} 
 
 @article{hedden2017patterns,
  title={Patterns of physician retirement and pre-retirement activity: a populationbased cohort study},
  author={Hedden, Lindsay and Lavergne, M Ruth and McGrail, Kimberlyn M and Law, Michael R and Cheng, Lucy and Ahuja, Megan A and Barer, Morris L},
  journal={CMAJ},
  volume={189},
  number={49},
  pages={E1517--E1523},
  year={2017},
  publisher={Can Med Assoc}
}

 @misc{acp_2017, title={Part time employment for physicians}, url={https://www.acponline.org/system/files/documents/running_practice/practice_management/human_resources/part_time.pdf}, journal={American College of Physicians}, author={ACP}, year={2017}} 
 
  @misc{loria_2020, title={Physicians leaving profession over Ehrs}, url={https://www.medicaleconomics.com/view/physicians-leaving-profession-over-ehrs}, journal={Medical Economics}, publisher={Medical Economics}, author={Loria, Keith}, year={2020}, month={Nov}} 
  
   @misc{ringel_2019, title={Electronic Health Records and doctor burnout}, url={https://blogs.scientificamerican.com/observations/electronic-health-records-and-doctor-burnout/}, journal={Scientific American Blog Network}, publisher={Scientific American}, author={Ringel, Marc}, year={2019}, month={May}} 